<record><leader>00000cas a22000007a 4500</leader><controlfield tag="001">2267654</controlfield><controlfield tag="008">760620d18741877pauwr ne      0    0eng d</controlfield><datafield ind1=" " ind2=" " tag="010"><subfield code="a">sn 86053459 </subfield></datafield><datafield ind1=" " ind2=" " tag="040"><subfield code="a">PIT</subfield><subfield code="b">eng</subfield><subfield code="c">PIT</subfield><subfield code="d">NPX</subfield><subfield code="d">NPH</subfield><subfield code="d">OCLCF</subfield><subfield code="d">OCLCO</subfield></datafield><datafield ind1="1" ind2=" " tag="029"><subfield code="a">AU@</subfield><subfield code="b">000025790498</subfield></datafield><datafield ind1=" " ind2=" " tag="042"><subfield code="a">msc</subfield></datafield><datafield ind1="0" ind2="4" tag="245"><subfield code="a">The Shenango Valley Argus.</subfield></datafield><datafield ind1="0" ind2="3" tag="246"><subfield code="a">Valley Argus</subfield></datafield><datafield ind1=" " ind2=" " tag="260"><subfield code="a">Greenville, Pa. :</subfield><subfield code="b">Harry Watson,</subfield><subfield code="c">1874-</subfield></datafield><datafield ind1=" " ind2=" " tag="300"><subfield code="a">v.</subfield></datafield><datafield ind1=" " ind2=" " tag="310"><subfield code="a">Weekly</subfield></datafield><datafield ind1="0" ind2=" " tag="362"><subfield code="a">Vol. 14, no. 27 (July 11, 1874)-</subfield></datafield><datafield ind1="1" ind2=" " tag="362"><subfield code="a">Ceased in Dec. 1877?</subfield></datafield><datafield ind1=" " ind2=" " tag="500"><subfield code="a">"The Shenango" appears within title ornament, &lt;1876&gt;.</subfield></datafield><datafield ind1=" " ind2=" " tag="500"><subfield code="a">"Republican," &lt;1876&gt;.</subfield></datafield><datafield ind1=" " ind2=" " tag="500"><subfield code="a">Editor: Geo. O. Morgan, &lt;1876&gt;.</subfield></datafield><datafield ind1=" " ind2="0" tag="651"><subfield code="a">Pennsylvania.</subfield></datafield><datafield ind1=" " ind2="7" tag="651"><subfield code="a">Pennsylvania.</subfield><subfield code="2">fast</subfield><subfield code="0">(OCoLC)fst01204598</subfield></datafield><datafield ind1=" " ind2=" " tag="752"><subfield code="a">United States</subfield><subfield code="b">Pennsylvania</subfield><subfield code="c">Mercer</subfield><subfield code="d">Greenville.</subfield></datafield><datafield ind1="0" ind2="0" tag="780"><subfield code="t">Greenville Argus</subfield><subfield code="w">(DLC)sn 83032086</subfield></datafield><datafield ind1="0" ind2="7" tag="785"><subfield code="t">Greenville advance (Greenville, Pa. : 1876)</subfield><subfield code="w">(DLC)sn 86053458</subfield></datafield><datafield ind1="0" ind2="7" tag="785"><subfield code="t">Greenville advance argus</subfield><subfield code="w">(OCoLC)15077734</subfield></datafield></record>